@Book{MasterJette,
author = {Jette Schumann},
title = {Beschleunigung eines Spurfindealgorithmus für den Straw Tube Tracker des PANDA-Detektors durch Parallelisierung mit CUDA C},
publisher = {Forschungsyentrum Jülich, IKP-1},
year = {2015},
address = {Jülich, Deutschland}
}